@article{artykul1,
  author    = {Autor, Imię},
  title     = {Tytuł Artykułu},
  journal   = {Nazwa Czasopisma},
  year      = {2000},
  volume    = {10},
  number    = {2},
  pages     = {123-145},
  doi       = {10.1234/journal.1234}
}

@article{artykul2,
  author    = {Autor, Imię},
  title     = {Tytuł Artykułu},
  journal   = {Nazwa Czasopisma},
  year      = {2000},
  volume    = {10},
  number    = {2},
  pages     = {123-145},
  doi       = {10.1234/journal.1234}
}

@book{ksiazka,
  author    = {Autor, Imię},
  title     = {Tytuł Książki},
  publisher = {Wydawnictwo},
  year      = {2005},
  address   = {Miasto},
  isbn      = {123-456-789}
}

@inproceedings{referat,
  author    = {Autor, Imię},
  title     = {Tytuł Konferencji},
  booktitle = {Nazwa Konferencji},
  year      = {2015},
  pages     = {123-145},
  organization = {Organizacja Konferencji},
  doi       = {10.5678/conf/1234}
}

@techreport{raport,
  author    = {Autor, Imię},
  title     = {Tytuł Raportu Technicznego},
  institution = {Instytucja},
  year      = {2018},
  number    = {TR-123},
  url       = {https://example.com/report.pdf}
}

@online{online,
  author    = {Autor, Imię},
  title     = {Tytuł Dokumentu},
  year      = {2022},
  url       = {https://example.com/document.pdf},
  note      = {Dostęp: 1 stycznia 2022}
}